@article{PlatisTheoharis03,
  author = {Nikos Platis and Theoharis Theoharis},
  title = {Fast Ray-Tetrahedron Intersection Using Plücker Coordinates},
  journal = {journal of graphics, gpu, and game tools},
  volume = {8},
  number = {4},
  pages = {37-48},
  year = {2003},
}

@inbook{ericson2005real,
  title={Real-time collision detection},
  author={Ericson, Christer},
  isbn={9781558607323},
  lccn={2005272332},
  series={Morgan Kaufmann series in interactive 3D technology},
  year={2005},
  publisher={Elsevier},
  chapter={5.3.4},
  pages={184--188},
}

@misc{ericson2007blog,
 author={Ericson, Christer},
 title = {Plücker coordinates considered harmful!"},
 month = {July},
 year = {2007},
 note = {\url{http://realtimecollisiondetection.net/blog/?p=13} Retrieved September 2011},
}

@InProceedings{kensler:06:triangle,
 title      = {{O}ptimizing {R}ay-{T}riangle {I}ntersection via {A}utomated {S}earch},
 author     = {Andrew Kensler and Peter Shirley},
 booktitle  = {Proceedings of the 2006 IEEE Symposium on Interactive Ray  Tracing},
 month      = {September},
 year       = {2006},
 pages      = {33--38}
}

@article{Sutter:2005:SCR:1095408.1095421,
 author = {Sutter, Herb and Larus, James},
 title = {Software and the Concurrency Revolution},
 journal = {Queue},
 issue_date = {September 2005},
 volume = {3},
 issue = {7},
 month = {September},
 year = {2005},
 issn = {1542-7730},
 pages = {54--62},
 numpages = {9},
 doi = {http://doi.acm.org/10.1145/1095408.1095421},
 acmid = {1095421},
 publisher = {ACM},
 address = {New York, NY, USA},
}

@book{MassivelyParallel,
    author = {Kirk, David B. and Hwu, Wen-mei W.},
    day = {05},
    edition = {1},
    howpublished = {Paperback},
    isbn = {0123814723},
    month = feb,
    priority = {1},
    publisher = {Morgan Kaufmann},
    title = {{Programming Massively Parallel Processors: A Hands-on Approach (Applications of GPU Computing Series)}},
    year = {2010}
}

@inbook{OpenCLSpec,
    author = {Khronos {OpenCL Working Group}},
    day = {01},    
    month = jun,
    year = {2011},
    title = {The OpenCL Specification Version 1.1 Revision 44},
    chapter={3.2},
    pages={23--24},
    note = {\url{http://www.khronos.org/registry/cl/specs/opencl-1.1.pdf}},
}

@inbook{AMDIntro,
    author = {{Advanced Micro Devices, Inc.}},  
    month = may,
    year = {2010},
    title = {Introduction to OpenCL Programming Revision A},
    chapter={3.3.3},
    pages={14--15},
    note = {\url{http://developer.amd.com/zones/OpenCLZone/courses/Documents/Introduction_to_OpenCL_Programming (201005).pdf}}
}

@article{EricksonPlucker,
  author = {Jeff Erickson},
  title = {Plü̈cker Coordinates},
  journal = {Ray Tracing News},
  volume = {10},
  number = {3},
  year = {1997},
  month = dec,
  note = {\url{http://www.acm.org/tog/resources/RTNews/
html/rtnv10n3.html#art11}}
}

@article{JonesIntersect,
  author = {Ray Jones},
  title = {Intersecting a Ray and a Triangle with Plücker Coordinates},
  journal = {Ray Tracing News},
  volume = {13},
  number = {1},
  year = {2000},
  month = jul,
  note = {\url{http://www.acm.org/tog/resources/RTNews/
html/rtnv13n1.html#art8}}
}

@book{plücker1828analytisch,
  title={Analytisch-geometrische Entwicklungen},
  author={Pl{\"u}cker, J.},
  volume = {1},
  year={1828},
  publisher={Baedeker}
}

@inbook{ATIOpenCL,
    author = {{Advanced Micro Devices, Inc.}},  
    month = jun,
    year = {2010},
    title = {ATI Stream Computing OpenCL Programming Guide 1.03},
    chapter={4.9.1},
    pages={4-38--4-40},
    note = {\url{http://developer.amd.com/gpu_assets/ATI_Stream_SDK_OpenCL_Programming_Guide.pdf}}
}





